% Correct Bibtex entries are best obtained by cut-and-paste from 
% Spires or Inspire. 
% - They might still need some editing of Latex symbols in 
%   the titles. 
% - Page ranges should in many cases be shortened to just 
%   having the start page.
% - Collaborations might need to be added or indeed just the word 
%   "collaboration" put after them.
%
% This file is intentionally empty. Use it for your own references. Standard references are in LHCb-CONF.bib  LHCb-DP.bib  LHCb-PAPER.bib  LHCb-TDR.bib  standard.bib

@article{Latham:2008Theory,
      author         = "Latham, Thomas and Gershon, Tim",
      title          = "{A Method to Measure $\cos{2\beta}$ Using Time-Dependent Dalitz Plot Analysis of $\Bd\to\D_{\CP}\pip\pim$}",
      journal        = "J. Phys.",
      volume         = "G36",
      year           = "2009",
      pages          = "025006",
      doi            = "10.1088/0954-3899/36/2/025006",
      eprint         = "0809.0872",
      archivePrefix  = "arXiv",
      primaryClass   = "hep-ph",
      SLACcitation   = "%%CITATION = ARXIV:0809.0872;%%"
}

@article{Wenbin:2015B2DpipiDP,
      author         = "Aaij, Roel and others",
      title          = "{Dalitz plot analysis of $B^0 \to \overline{D}^0
                        \pi^+\pi^-$ decays}",
      collaboration  = "LHCb",
      journal        = "Phys. Rev.",
      volume         = "D92",
      year           = "2015",
      number         = "3",
      pages          = "032002",
      doi            = "10.1103/PhysRevD.92.032002",
      eprint         = "1505.01710",
      archivePrefix  = "arXiv",
      primaryClass   = "hep-ex",
      reportNumber   = "CERN-PH-EP-2015-110, LHCB-PAPER-2014-070",
      SLACcitation   = "%%CITATION = ARXIV:1505.01710;%%"
}

@book{BigiSanda:2001cpViolation,
  title={$\CP$ Violation},
  author={Bigi, I.I. and Sanda, A.I.},
  isbn={9780521443494},
  lccn={98038616},
  series={Cambridge Monographs on Particle Physics, Nuclear Physics and Cosmology},
  url={https://books.google.co.uk/books?id=ZUANziLsV-MC},
  year={2000},
  publisher={Cambridge University Press}
}

@article{Aubert:2007rp,
      author         = "Aubert, Bernard and others",
      title          = "{Measurement of $\cos{2\beta}$ in $B^0 \to D^{(*)}$ h0
                        Decays with a Time-Dependent Dalitz Plot Analysis of $D
                        \to K^0_{S} \pi^{+} \pi^{-}$}",
      collaboration  = "BaBar",
      journal        = "Phys. Rev. Lett.",
      volume         = "99",
      year           = "2007",
      pages          = "231802",
      doi            = "10.1103/PhysRevLett.99.231802",
      eprint         = "0708.1544",
      archivePrefix  = "arXiv",
      primaryClass   = "hep-ex",
      reportNumber   = "BABAR-PUB-07-047, SLAC-PUB-12727",
      SLACcitation   = "%%CITATION = ARXIV:0708.1544;%%"
}

@article{Krokovny:2006sv,
      author         = "Krokovny, P. and others",
      title          = "{Measurement of the quark mixing parameter $\cos(2\phi_1)$
                        using time-dependent Dalitz analysis of 
                        $\Bd\to\Dz[K_s^0\pip\pim] h^0$}",
      collaboration  = "Belle",
      journal        = "Phys. Rev. Lett.",
      volume         = "97",
      year           = "2006",
      pages          = "081801",
      doi            = "10.1103/PhysRevLett.97.081801",
      eprint         = "hep-ex/0605023",
      archivePrefix  = "arXiv",
      primaryClass   = "hep-ex",
      SLACcitation   = "%%CITATION = HEP-EX/0605023;%%"
}

@article{Adachi:2012et,
      author         = "Adachi, I. and others",
      title          = "{Precise measurement of the CP violation parameter
                        $\sin{2\phi_1} in \Bd\to(\bar{c} c)K^0 decays$}",
      journal        = "Phys. Rev. Lett.",
      volume         = "108",
      year           = "2012",
      pages          = "171802",
      doi            = "10.1103/PhysRevLett.108.171802",
      eprint         = "1201.4643",
      archivePrefix  = "arXiv",
      primaryClass   = "hep-ex",
      SLACcitation   = "%%CITATION = ARXIV:1201.4643;%%"
}

@article{Aaij:2015vza,
      author         = "Aaij, Roel and others",
      title          = "{Measurement of $CP$ violation in $B^0 \rightarrow J/\psi
                        K^0_S$ decays}",
      collaboration  = "LHCb",
      journal        = "Phys. Rev. Lett.",
      volume         = "115",
      year           = "2015",
      number         = "3",
      pages          = "031601",
      doi            = "10.1103/PhysRevLett.115.031601",
      eprint         = "1503.07089",
      archivePrefix  = "arXiv",
      primaryClass   = "hep-ex",
      reportNumber   = "LHCB-PAPER-2015-004, CERN-PH-EP-2015-076",
      SLACcitation   = "%%CITATION = ARXIV:1503.07089;%%"
}

@article{Grossman:1996ke,
      author         = "Grossman, Yuval and Worah, Mihir P.",
      title          = "{$\CP$ asymmetries in $B$ decays with new physics in decay
                        amplitudes}",
      journal        = "Phys. Lett.",
      volume         = "B395",
      year           = "1997",
      pages          = "241-249",
      doi            = "10.1016/S0370-2693(97)00068-3",
      eprint         = "hep-ph/9612269",
      archivePrefix  = "arXiv",
      primaryClass   = "hep-ph",
      reportNumber   = "SLAC-PUB-7351",
      SLACcitation   = "%%CITATION = HEP-PH/9612269;%%"
}

@article{Feindt:2006pm,
      author         = "Feindt, M. and Kerzel, U.",
      title          = "{The NeuroBayes neural network package}",
      booktitle      = "{Advanced computing and analysis techniques in physics
                        research. Proceedings, 10th International Workshop,
                        ACAT05, Zeuthen, Germany, May 22-27, 2005}",
      journal        = "Nucl. Instrum. Meth.",
      volume         = "A559",
      year           = "2006",
      pages          = "190-194",
      doi            = "10.1016/j.nima.2005.11.166",
      SLACcitation   = "%%CITATION = NUIMA,A559,190;%%"
}

@misc{peterson1991introduction,
      author        = "Peterson, C and RÃ¶gnvaldsson, T S",
      title         = "{An introduction to artificial neural networks}",
      number        = "LU-TP-91-23. LUTP-91-23",
      pages         = "74 p",
      month         = "Sep",
      year          = "CERN (1991)",
      url           = "https://cds.cern.ch/record/231036",
}

@misc{probNN,
    author = "Chris Jones",
    title = "{ANN PID Retuning for Reco14 Data}",
    howpublished   = {\url{ https://indico.cern.ch/event/226062/contributions/475644/attachments/371741/517276/ANNPIDRetuning-Reco14-06052013.pdf}},
    note  = {Accessed: 29-Oct-2019}
}

@misc{PIDcorr,
    author = "Anton Poluektov",
    title = "{Correction of simulated PID response with variable transformation}",
    howpublished = {\url{https://indico.cern.ch/event/572934/contributions/2318786/attachments/1357558/2052812/pidcorr.pdf}},
    note = {Accessed: 29-Oct-2019}
}

@article{Aaij:1978280,
      author        = "Aaij, Roel and Adeva, Bernardo and others",
      title         = "{LHCb Detector Performance}",
      journal       = "Int. J. Mod. Phys. A",
      collaboration = "LHCb collaboration",
      number        = "LHCB-DP-2014-002. CERN-PH-EP-2014-290. LHCB-DP-2014-002.
                       CERN-LHCB-DP-2014-002",
      volume        = "30",
      pages         = "1530022. 73 p",
      month         = "Dec",
      year          = "2014",
      reportNumber  = "LHCB-DP-2014-002",
      url           = "https://cds.cern.ch/record/1978280",
      doi           = "10.1142/S0217751X15300227",
}

@article{fisher36lda,
  added-at = {2007-09-30T14:27:32.000+0200},
  author = {Fisher, R. A.},
  biburl = {https://www.bibsonomy.org/bibtex/2c9d8d78a8e1bb5adecc7602490f4323f/gromgull},
  interhash = {8475c3a3460b33d2d62c8c992e3044cf},
  intrahash = {c9d8d78a8e1bb5adecc7602490f4323f},
  journal = {Annals of Eugenics},
  keywords = {classic classification linear-classification linear-discriminant-analysis},
  number = 7,
  pages = {179-188},
  timestamp = {2007-09-30T14:27:32.000+0200},
  title = {The Use of Multiple Measurements in Taxonomic Problems},
  volume = 7,
  year = 1936
}

@article{friedman1991multivariate,
  title={Multivariate adaptive regression splines},
  author={Friedman, Jerome H and others},
  journal={The annals of statistics},
  volume={19},
  number={1},
  pages={1--67},
  year={1991},
  publisher={Institute of Mathematical Statistics}
}

@misc{XGBOOST,
  title = {XGBoost Documentation},
  howpublished = {\url{https://xgboost.readthedocs.io/en/latest/}},
  note = {Accessed: 2021-01-01}
}
